@misc{lopez18,
  author       = {José María López}, 
  title        = {Las ventajas de usar LaTeX en tus documentos},
  howpublished = {Publicación de un blog},
  day          = 23,
  month        = {Noviembre},
  year         = 2018,
  url          = {https://blogthinkbig.com/ventajas-latex-editar-documentos}
}



